@Book{schaum,
author = {Hayes, Monson H.},
title = {Digital Signal Processing},
publisher = {The McGraw-Hill Companies, Inc},
year = {1999}
}


@article{adelo1,
author = {Delopoulos,Anastasios and Tirakis,Andreas and Kollias,Stefanos},
title = {Invariant Image Classification Using Triple-Correlation-Based Neural Networks},
journal = {IEEE Transactions on Neural Networks},
year = {1994},
volume = {5},
number = {3},
pages = {392-408},
month = {May}
}

@TechReport{adelo2,
author = {Avrithis, Yannis and Delopoulos, Anastasios and Kollias, Stefanos},
title = {An efficient scheme for invariant optical character recognition using triple correlations},
institution = {National Technical University of Athens},
year = {1993}
}


@article{hosa,
author = {Mendel,Jerry M.},
title = {Tutorial on Higher-Order Statistics (Spectra) in Signal Processing and System Theory:Theoretical Results and Some Applications},
journaltitle = {Proceedings of the IEEE},
year = {1991},
volume = {79},
number = {3},
month = {March},
pages = {278-305},
}

@Book{brillinger,
author = {Brillinger, David R.},
editor = {O'Malley,Robert E.},
title = {Time Series:Data Analysis and Theory},
publisher = {SIAM},
year = {2001}
}


@InProceedings{noise_insensitivity,
author = {Dandawate, A. V. and Giannakis G. B.},
title = {Ergodicity and asymptotic normality for cumulant estimators of nonstationary signal},
pages = {976-983},
year = {1991},
month = {March},
organization = {25th Conference on Info Sciences and Systems}
}

@article{libsvm,
 author = {Chang, Chih-Chung and Lin, Chih-Jen},
 title = {{LIBSVM}: A library for support vector machines},
 journal = {ACM Transactions on Intelligent Systems and Technology},
 volume = {2},
 issue = {3},
 year = {2011},
 pages = {27:1--27:27},
 note =	 {Software available at \url{http://www.csie.ntu.edu.tw/~cjlin/libsvm}}
}

@InProceedings{sundb,
author = {Xiao, Jianxiong and Hays, James and Ehinger, Krista A. and Oliva, Aude and Torralba, Antonio},
title = {SUN Database: Large-scale Scene Recognition from Abbey to Zoo},
year = {2010}
}

@Article{vandeSandeTPAMI2010,
  author       = "van de Sande, K. E. A. and Gevers, T. and Snoek, C. G. M.",
  title        = "Evaluating Color Descriptors for Object and Scene Recognition",
  journal      = "IEEE Transactions on Pattern Analysis and Machine Intelligence",
  number       = "9",
  volume       = "32",
  pages        = "1582--1596",
  year         = "2010",
  note         = "\url{http://www.science.uva.nl/research/publications/2010/vandeSandeTPAMI2010}"
}

@Article{sift,
author = {Lowe, David G.},
title = {Distinctive Image Features from Scale-Invariant Keypoints},
journal = {International Journal of Computer Vision},
year = {2004},
volume = {60},
number = {2},
pages = {91-110}
}

@Article{surf,
author = {Bay, Herbert and Ess, Andreas and Tuytelaars, Tinne and Van Gool, Luc},
title = {SURF: Speeded Up Robust Features},
journal = {Computer Vision and Image Understanding (CVIU)},
year = {2008},
volume = {110},
number = {3},
pages = {346-359}
}

@Misc{fpga,
author = {Svab, Jan and Krajnik, Tomas and Faigl, Jan and Preucil, Libor},
title = {FPGA Base Speeded Up Robust Features}
}

@Misc{guideSVM,
author = {Hsu, Chih-Wei and Chang, Chih-Chung and Lin, Chih-Jen},
title = {A Practical Guide to Support Vector Classification},
month = {April},
year = {2010}
}

@Article{anatomySIFT,
author = {Rey Otero, Ives and Delbracio, Mauricio},
title = {The Anatomy of the SIFT Method},
journal = {Image Processing On Line},
year = {2012},
OPTmonth = {July}
}

@Book{CV,
author = {Szeliski, Richard},
editor = {Gries, David and Schneider, Fred B.},
title = {Computer Vision: Algorithms and Applications},
publisher = {Springer},
year = {2010},
note = {\url{http://szeliski.org/Book/}}
}

@book{bow,
 author = {Salton, Gerard and McGill, Michael J.},
 title = {Introduction to Modern Information Retrieval},
 year = {1986},
 isbn = {0070544840},
 publisher = {McGraw-Hill, Inc.},
 address = {New York, NY, USA},
} 
